<?xml version="1.0" encoding="UTF-8" ?><marc:collection xmlns:marc="http://www.loc.gov/MARC21/slim" xmlns:xsi="http://www.w3.org/2001/XMLSchema-instance" xsi:schemaLocation="http://www.loc.gov/MARC21/slim http://www.loc.gov/standards/marcxml/schema/MARC21slim.xsd">
<marc:record><marc:leader>03446cam a2200493Ii 4500</marc:leader>
<marc:controlfield tag="001">b12925536</marc:controlfield>
<marc:controlfield tag="003">UaCaAUL</marc:controlfield><marc:controlfield tag="005">20160921083810.0</marc:controlfield><marc:controlfield tag="008">030204s1936    ua            000 0 ara d</marc:controlfield><marc:datafield tag="035" ind1=" " ind2=" "><marc:subfield code="a">(OCoLC)318941052</marc:subfield></marc:datafield><marc:datafield tag="040" ind1=" " ind2=" "><marc:subfield code="a">MEAUC</marc:subfield><marc:subfield code="b">eng</marc:subfield><marc:subfield code="c">MEAUC</marc:subfield><marc:subfield code="d">OCLCQ</marc:subfield><marc:subfield code="d">OCLCO</marc:subfield><marc:subfield code="d">OCLCF</marc:subfield><marc:subfield code="d">OCLCO</marc:subfield><marc:subfield code="d">MEAUC</marc:subfield></marc:datafield><marc:datafield tag="049" ind1=" " ind2=" "><marc:subfield code="a">MAIN</marc:subfield></marc:datafield><marc:datafield tag="066" ind1=" " ind2=" "><marc:subfield code="c">(3</marc:subfield></marc:datafield><marc:datafield tag="090" ind1=" " ind2=" "><marc:subfield code="a">B753</marc:subfield><marc:subfield code="b">.R33x 1936</marc:subfield></marc:datafield><marc:datafield tag="100" ind1="1" ind2=" "><marc:subfield code="6">880-01</marc:subfield><marc:subfield code="a">Rāzī, Fakhr al-Dīn Muḥammad ibn ʻUmar,</marc:subfield><marc:subfield code="d">1149 or 1150-1210,</marc:subfield><marc:subfield code="e">author.</marc:subfield></marc:datafield><marc:datafield tag="240" ind1="1" ind2="0"><marc:subfield code="6">880-02</marc:subfield><marc:subfield code="a">Lubāb al-Ishārāt.</marc:subfield></marc:datafield><marc:datafield tag="245" ind1="1" ind2="0"><marc:subfield code="6">880-03</marc:subfield><marc:subfield code="a">Kitāb Lubāb al-Ishārāt /</marc:subfield><marc:subfield code="c">lil-imām al-ʻallāmah Fakhr al-Dīn Muḥammad ibn ʻUmar al-Rāzī, al-mutawaffá sanat 606 hijrīyah raḥimahu Allāh taʻālá ; ʻuniya bi-taṣḥīḥihi al-shaykh ʻAbd al-Ḥafīẓ Saʻd ʻAṭīyah, min ʻulamāʼ al-Azhar.</marc:subfield></marc:datafield><marc:datafield tag="250" ind1=" " ind2=" "><marc:subfield code="6">880-04</marc:subfield><marc:subfield code="a">al-Ṭabʻah al-thānīyah / ʻalá nafaqat Maktabat al-khānjī bi-Miṣr sanat 1355 H.</marc:subfield></marc:datafield><marc:datafield tag="264" ind1=" " ind2="1"><marc:subfield code="6">880-05</marc:subfield><marc:subfield code="a">Miṣr :</marc:subfield><marc:subfield code="b">Maṭbaʻat al-Saʻādah,</marc:subfield><marc:subfield code="c">1355 H. [1936 or 1937]</marc:subfield></marc:datafield><marc:datafield tag="300" ind1=" " ind2=" "><marc:subfield code="a">8, 127 pages ;</marc:subfield><marc:subfield code="c">22 cm.</marc:subfield></marc:datafield><marc:datafield tag="336" ind1=" " ind2=" "><marc:subfield code="a">text</marc:subfield><marc:subfield code="b">txt</marc:subfield><marc:subfield code="2">rdacontent.</marc:subfield></marc:datafield><marc:datafield tag="337" ind1=" " ind2=" "><marc:subfield code="a">unmediated</marc:subfield><marc:subfield code="b">n</marc:subfield><marc:subfield code="2">rdamedia.</marc:subfield></marc:datafield><marc:datafield tag="338" ind1=" " ind2=" "><marc:subfield code="a">volume</marc:subfield><marc:subfield code="b">nc</marc:subfield><marc:subfield code="2">rdacarrier.</marc:subfield></marc:datafield><marc:datafield tag="500" ind1=" " ind2=" "><marc:subfield code="6">880-06</marc:subfield><marc:subfield code="a">&quot;Hudhdhiba fīhi Kitāb al-Ishārāt li-Faylasūf al-Islām al-raʼīs Abī ʻAlī al-Ḥusayn ibn ʻAbd Allāh Ibn Sīnā al-mutawaffá sanat 428.&quot;</marc:subfield></marc:datafield><marc:datafield tag="500" ind1=" " ind2=" "><marc:subfield code="6">880-07</marc:subfield><marc:subfield code="a">&quot;Ṭubiʻa ʻalá nuskhah kutibat sanat 623 min kutub ḥaḍrat al-ustādh al-shaykh Ṭāhir al-Jazāʼirī al-Dimashqī tafaḍḍal bi-hā li-mazīd ʻināyatihi bi-nashr hādhā al-athar al-jalīl.&quot;</marc:subfield></marc:datafield><marc:datafield tag="600" ind1="0" ind2="0"><marc:subfield code="6">880-08</marc:subfield><marc:subfield code="a">Avicenna,</marc:subfield><marc:subfield code="d">980-1037.</marc:subfield><marc:subfield code="t">Ishārāt wa-al-tanbīhāt.</marc:subfield></marc:datafield><marc:datafield tag="650" ind1=" " ind2="0"><marc:subfield code="a">Islamic philosophy</marc:subfield><marc:subfield code="v">Early works to 1800.</marc:subfield></marc:datafield><marc:datafield tag="650" ind1=" " ind2="0"><marc:subfield code="a">Islam</marc:subfield><marc:subfield code="x">Doctrines</marc:subfield><marc:subfield code="v">Early works to 1800.</marc:subfield></marc:datafield><marc:datafield tag="700" ind1="0" ind2=" "><marc:subfield code="6">880-09</marc:subfield><marc:subfield code="a">ʻAbd al-Ḥafīẓ Saʻd ʻAṭīyah,</marc:subfield><marc:subfield code="e">editor.</marc:subfield></marc:datafield><marc:datafield tag="700" ind1="0" ind2=" "><marc:subfield code="6">880-10</marc:subfield><marc:subfield code="a">Avicenna,</marc:subfield><marc:subfield code="d">980-1037.</marc:subfield><marc:subfield code="t">Ishārāt wa-al-tanbīhāt.</marc:subfield></marc:datafield><marc:datafield tag="880" ind1="1" ind2=" "><marc:subfield code="6">100-01/(3/r</marc:subfield><marc:subfield code="a">رازي، فخر الدين محمد بن عمر،</marc:subfield><marc:subfield code="d">1149 أو 1150-1210.</marc:subfield></marc:datafield><marc:datafield tag="880" ind1="1" ind2="0"><marc:subfield code="6">240-02/(3/r</marc:subfield><marc:subfield code="a">لباب الإشارات.</marc:subfield></marc:datafield><marc:datafield tag="880" ind1=" " ind2=" "><marc:subfield code="6">250-04/(3/r</marc:subfield><marc:subfield code="a">الطبعة الثانية / على نفقة مكتبة الخانجي بمصر سنة 1355 هـ..</marc:subfield></marc:datafield><marc:datafield tag="880" ind1="1" ind2="0"><marc:subfield code="6">245-03/(3/r</marc:subfield><marc:subfield code="a">كتاب لباب الإشارات /</marc:subfield><marc:subfield code="c">للإمام العلامة فخر الدين محمد بن عمر الرازي، المتوفى سنة 606 هجرية رحمه الله تعالى ؛ عني بتصحيحه الشيخ عبد الحفيظ سعد عطية، من علماء الأزهر..</marc:subfield></marc:datafield><marc:datafield tag="880" ind1=" " ind2="1"><marc:subfield code="6">264-05/(3/r</marc:subfield><marc:subfield code="a">مصر :</marc:subfield><marc:subfield code="b">مطبعة السعادة،</marc:subfield><marc:subfield code="c">1355 هـ. [1936 أو 1937]</marc:subfield></marc:datafield><marc:datafield tag="880" ind1=" " ind2=" "><marc:subfield code="6">500-06/(3/r</marc:subfield><marc:subfield code="a">&quot;هذب فيه كتاب الإشارات لفيلسوف الإسلام الرئيس أبي علي الحسين بن عبد الله ابن سينا المتوفى سنة 428.&quot;</marc:subfield></marc:datafield><marc:datafield tag="880" ind1=" " ind2=" "><marc:subfield code="6">500-07/(3/r</marc:subfield><marc:subfield code="a">&quot;طبع على نسخة كتبت سنة 623 من كتب حضرة الأستاذ الشيخ طاهر الجزائري الدمشقي تفضل بها لمزيد عنايته بنشر هذا الأثر الجليل.&quot;.</marc:subfield></marc:datafield><marc:datafield tag="880" ind1="0" ind2="0"><marc:subfield code="6">600-08/(3/r</marc:subfield><marc:subfield code="a">ابن سينا،</marc:subfield><marc:subfield code="d">980-1037.</marc:subfield><marc:subfield code="t">إشارات والتنبيهات..</marc:subfield></marc:datafield><marc:datafield tag="880" ind1="0" ind2=" "><marc:subfield code="6">700-09/(3/r</marc:subfield><marc:subfield code="a">عبد الحفيظ سعد عطية..</marc:subfield></marc:datafield><marc:datafield tag="880" ind1="0" ind2=" "><marc:subfield code="6">700-10/(3/r</marc:subfield><marc:subfield code="a">ابن سينا،</marc:subfield><marc:subfield code="d">980-1037.</marc:subfield><marc:subfield code="t">إشارات والتنبيهات...</marc:subfield></marc:datafield><marc:datafield tag="907" ind1=" " ind2=" "><marc:subfield code="a">.b12925536</marc:subfield><marc:subfield code="b">main </marc:subfield></marc:datafield><marc:datafield tag="902" ind1=" " ind2=" "><marc:subfield code="a">170207</marc:subfield></marc:datafield><marc:datafield tag="998" ind1=" " ind2=" "><marc:subfield code="b">1</marc:subfield><marc:subfield code="c">030206</marc:subfield><marc:subfield code="d">m</marc:subfield><marc:subfield code="e">a</marc:subfield><marc:subfield code="f">-</marc:subfield><marc:subfield code="g">0</marc:subfield><marc:subfield code="k">MAH</marc:subfield></marc:datafield><marc:datafield tag="945" ind1=" " ind2=" "><marc:subfield code="l">main </marc:subfield></marc:datafield></marc:record>
</marc:collection>
